<?xml version="1.0" encoding="UTF-8"?><record xmlns="http://www.loc.gov/MARC21/slim" xmlns:cinclude="http://apache.org/cocoon/include/1.0" xmlns:zs="http://www.loc.gov/zing/srw/">
  <leader>00547cz  a2200157n  4500</leader>
  <controlfield tag="001">n  93021885 </controlfield>
  <controlfield tag="003">DLC</controlfield>
  <controlfield tag="005">19980417053127.4</controlfield>
  <controlfield tag="008">930309n| acannaab|          |a ana |||  </controlfield>
  <datafield tag="010" ind1=" " ind2=" ">
    <subfield code="a">n  93021885 </subfield>
  </datafield>
  <datafield tag="035" ind1=" " ind2=" ">
    <subfield code="a">(OCoLC)oca03331265 </subfield>
  </datafield>
  <datafield tag="040" ind1=" " ind2=" ">
    <subfield code="a">DLC</subfield>
    <subfield code="c">DLC</subfield>
    <subfield code="d">DLC</subfield>
    <subfield code="d">IAhCCS</subfield>
  </datafield>
  <datafield tag="110" ind1="2" ind2="0">
    <subfield code="a">Blue Tones (Musical group)</subfield>
  </datafield>
  <datafield tag="410" ind1="2" ind2="0">
    <subfield code="a">Bluetones (Musical group : Sugar Ray)</subfield>
  </datafield>
  <datafield tag="670" ind1=" " ind2=" ">
    <subfield code="a">Honeycutt, M. Soul deep [SR] p1989:</subfield>
    <subfield code="b">container (Sugar Ray and the Blue Tones)</subfield>
  </datafield>
  <datafield tag="670" ind1=" " ind2=" ">
    <subfield code="a">Sugar Ray. Don't stand in my way [SR] p1991:</subfield>
    <subfield code="b">label (Sugar Ray featuring the Bluetones)</subfield>
  </datafield>
</record>